@article{serre1955geometrie,
  title={G{\'e}om{\'e}trie analytique et g{\'e}om{\'e}trie alg{\'e}brique},
  author={Serre, Jean-Pierre},
  journal={Ann. Inst. Fourier, VI (1955--56)},
  pages={1--42},
  year={1955}
}

@article{hartshorne1977graduate,
  title={Graduate texts in mathematics},
  author={Hartshorne, Robin},
  journal={Algebraic Geometry},
  volume={52},
  year={1977},
  publisher={Springer}
}

@book{neeman2007algebraic,
  title={Algebraic and analytic geometry},
  author={Neeman, Amnon},
  number={345},
  year={2007},
  publisher={Cambridge University Press}
}

@article{chowtheorem,
 ISSN = {00029327, 10806377},
 URL = {http://www.jstor.org/stable/2372375},
 author = {Wei-Liang Chow},
 journal = {American Journal of Mathematics},
 number = {4},
 pages = {893--914},
 publisher = {Johns Hopkins University Press},
 title = {On Compact Complex Analytic Varieties},
 urldate = {2023-01-17},
 volume = {71},
 year = {1949}
}

@inproceedings{de2015lean,
  title={The Lean theorem prover (system description)},
  author={de Moura, Leonardo and Kong, Soonho and Avigad, Jeremy and Van Doorn, Floris and von Raumer, Jakob},
  booktitle={International Conference on Automated Deduction},
  pages={378--388},
  year={2015},
  organization={Springer}
}

@article{buzzard2022schemes,
  title={Schemes in lean},
  author={Buzzard, Kevin and Hughes, Chris and Lau, Kenny and Livingston, Amelia and Mir, Ramon Fern{\'a}ndez and Morrison, Scott},
  journal={Experimental Mathematics},
  volume={31},
  number={2},
  pages={355--363},
  year={2022},
  publisher={Taylor \& Francis}
}

@inproceedings{wieser2022graded,
  title={Graded Rings in Lean’s Dependent Type Theory},
  author={Wieser, Eric and Zhang, Jujian},
  booktitle={International Conference on Intelligent Computer Mathematics},
  pages={122--137},
  year={2022},
  organization={Springer}
}

@misc{stacks-project,
    shorthand    = {Stacks},
    author       = {The {Stacks Project Authors}},
    title        = {\textit{Stacks Project}},
    howpublished = {\url{https://stacks.math.columbia.edu}},
    year         = {2018},
  }

@article{doi:10.1080/10586458.2022.2062073,
author = {Anthony Bordg and Lawrence Paulson and Wenda Li},
title = {Simple Type Theory is not too Simple: Grothendieck’s Schemes Without Dependent Types},
journal = {Experimental Mathematics},
volume = {31},
number = {2},
pages = {364-382},
year  = {2022},
publisher = {Taylor & Francis},
doi = {10.1080/10586458.2022.2062073},

URL = { 
    
        https://doi.org/10.1080/10586458.2022.2062073
    
    

},
eprint = { 
    
        https://doi.org/10.1080/10586458.2022.2062073
    
    

}

}


@phdthesis{chicli2001formalisation,
  title={Une formalisation des faisceaux et des sch{\'e}mas affines en th{\'e}orie des types avec Coq},
  author={Chicli, Laurent},
  year={2001},
  school={INRIA}
}

@article{mortbergtowards,
  title={Towards a Formalization of Affine Schemes in Cubical Agda},
  author={M{\"o}rtberg, Anders and Zeuner, Max}
}

@book{maclane2012sheaves,
  title={Sheaves in geometry and logic: A first introduction to topos theory},
  author={MacLane, Saunders and Moerdijk, Ieke},
  year={2012},
  publisher={Springer Science \& Business Media}
}

@article{vakil24rising,
  title={The Rising Sea: Foundations of Algebraic Geometry. 2017},
  author={Vakil, Ravi},
  journal={URL http://virtualmath1. stanford. edu/\~{} vakil/216blog},
  volume={24},
  pages={29}
}

@misc{docsmathlib,
author = {Mathlib Contributors},
title = {Mathlib documentation},
year = {2023},
publisher = {GitHub},
journal = {GitHub Repository},
howpublished = {\url{https://leanprover-community.github.io/mathlib_docs}
}}

@misc{mathlibrepo,
author = {Mathlib Contributors},
title = {Lean mathlib},
year = {2022},
publisher = {GitHub},
journal = {GitHub Repository},
howpublished = {\url{https://github.com/leanprover-community/mathlib}
}}

@article{godement1958topologie,
  title={Topologie alg{\'e}brique et th{\'e}orie des faisceaux},
  author={Godement, Roger},
  journal={Publications de},
  volume={1},
  year={1958}
}

@Misc{UniMath,
    author = {Voevodsky, Vladimir and Ahrens, Benedikt and Grayson, Daniel and others},
    title = {{UniMath --- a computer-checked library of univalent mathematics}},
    url = {https://github.com/UniMath/UniMath},
    howpublished = {available at \url{http://unimath.org}}
 }